@article{Mell2012,
annote = "Definição de Cloud Computing segundo o NIST",
author = "Mell, P and Grance, T",
journal = "URL http://csrc. nist. gov/publications/nistpubs/800-145/ \ldots",
keywords = "Cloud Computing,Elasticity,Infrastructure as a Service,Measured Service,NIST SP 800-145,On-demand Self Service,PaaS,Platform as a Service,Rapid Elasticity,Reserve Pooling,SaaS,Software as a Service,The NIST Definition of Cloud Computing",
title = "The NIST Definition of Cloud Computing: Recommendations of the National Institute of Standards and Technology (2011)",
url = "http://nvlpubs.nist.gov/nistpubs/Legacy/SP/nistspecialpublication800-145.pdf",
year = "2012",
address = {Gaithersburg, USA},
publisher = {U.S. Department of Commerce}
}

@INPROCEEDINGS{Zheng2017, 
author={Z. Li and M. Kihl and Q. Lu and J. A. Andersson}, 
booktitle={2017 IEEE 31st International Conference on Advanced Information Networking and Applications (AINA)}, 
title={Performance Overhead Comparison between Hypervisor and Container Based Virtualization}, 
year={2017}, 
pages={955-962}, 
keywords={Benchmark testing;Cloud computing;Containers;Quality of service;Throughput;Virtual machine monitors;Virtualization;Cloud Service;Container;Hypervisor;Performance Overhead;Virtualization Technology}, 
doi={10.1109/AINA.2017.79}, 
ISSN={1550-445X}, 
month={March},
address = {Taipei, Taiwan, Taiwan},
publisher = {IEEE}
}

@ARTICLE{Bernstein2014, 
author={D. Bernstein}, 
journal={IEEE Cloud Computing}, 
title={Containers and Cloud: From LXC to Docker to Kubernetes}, 
year={2014}, 
volume={1}, 
number={3}, 
pages={81-84}, 
keywords={Cloud computing;Containers;Google;Home appliances;Linux;Runtime;Virtual machine monitors;cloud;containers;dockers;virtual machines}, 
doi={10.1109/MCC.2014.51}, 
ISSN={2325-6095}, 
publisher = {IEEE},
month={Sept},}

@INPROCEEDINGS{6307065, 
author={Y. Lee and R. Avizienis and A. Bishara and R. Xia and D. Lockhart and C. Batten and K. Asanović}, 
booktitle={2011 38th Annual International Symposium on Computer Architecture (ISCA)}, 
title={Exploring the tradeoffs between programmability and efficiency in data-parallel accelerators}, 
year={2011}, 
pages={129-140}, 
keywords={data handling;parallel processing;MIMD;SIMT;VLSI implementations;VT microarchitecture;accelerator design points;data parallel accelerators;subword-SIMD;vector thread architectural design patterns;vector-SIMD;Instruction sets;Kernel;Microarchitecture;Programming;Registers;Tiles;Vectors;Design}, 
ISSN={1063-6897}, 
month={June},
publisher = {IEEE},
address = {San Jose, CA, USA},
}

@ARTICLE{Pahl2015, 
author={C. Pahl}, 
journal={IEEE Cloud Computing}, 
title={Containerization and the PaaS Cloud}, 
year={2015}, 
volume={2}, 
number={3}, 
pages={24-31}, 
keywords={cloud computing;distributed processing;virtual machines;virtualisation;PaaS cloud;application packaging mechanism;containerization;distributed multicloud platform;lightweight virtualization solution;platform-as-a-service;virtual machine;Computer architecture;Containerization;File systems;Linux;Packaging;Virtualization;Docker;Kubernetes;PaaS;cloud;cloud computing;cluster;container;multicloud;virtualization}, 
doi={10.1109/MCC.2015.51}, 
ISSN={2325-6095}, 
publisher = {IEEE},
month={May},}

@INPROCEEDINGS{Kominos2017, 
author={C. Kominos and Charalampos and N. Seyvet and K. Vandikas}, 
booktitle={2017 20th Conference on Innovations in Clouds, Internet and Networks (ICIN)}, 
title={Bare-metal, virtual machines and containers in OpenStack}, 
year={2017}, 
pages={36-43}, 
keywords={application program interfaces;cloud computing;virtual machines;Bare-metal;CPU;Liberty;MaaS;Metal-as-a-Service;OpenStack;RAM;VM-based hosts;boot-up time measurement;cloud computing;container based hosts;disk I/O;docker based containers;networking;nova-compute;nova-docker;on-demand access model;open-source benchmarking tools;overhead;performance analysis;private-cloud;virtual machines;Cloud computing;Containers;Hardware;Random access memory;Servers;Virtual machine monitors;Virtualization}, 
doi={10.1109/ICIN.2017.7899247}, 
address = {Paris, France},
publisher = {IEEE},
month={March},}

@INPROCEEDINGS{Molto2017, 
author={G. Moltó and M. Caballer and A. Pérez and C. d. Alfonso and I. Blanquer}, 
booktitle={2017 25th Euromicro International Conference on Parallel, Distributed and Network-based Processing (PDP)}, 
title={Coherent Application Delivery on Hybrid Distributed Computing Infrastructures of Virtual Machines and Docker Containers}, 
year={2017}, 
pages={486-490}, 
keywords={cloud computing;scientific information systems;virtual machines;virtualisation;DevOps practices;Docker containers;HDCI;INDIGO-DataCloud project;TOSCA standard;VM;coherent application delivery;container-based virtualisation;hybrid distributed computing infrastructures;image formats;open-source tools;scientific computing;virtual machines;Cloud computing;Computer architecture;Containers;Open source software;Standards;Virtual machining;Cloud Computing;Containers;Distributed Infrastructures;Docker;Scientific Computing}, 
doi={10.1109/PDP.2017.29}, 
address = {St. Petersburg, Russia},
publisher = {IEEE},
month={March},}

@Inbook{Suleiman2012,
author="Suleiman, Basem
and Sakr, Sherif
and Venugopal, Srikumar
and Sadiq, Wasim",
editor="Wang, X. Sean
and Cruz, Isabel
and Delis, Alex
and Huang, Guangyan",
title="Trade-Off Analysis of Elasticity Approaches for Cloud-Based Business Applications",
bookTitle="Web Information Systems Engineering - WISE 2012: 13th International Conference, Paphos, Cyprus, November 28-30, 2012. Proceedings",
year="2012",
publisher="Springer Berlin Heidelberg",
address="Berlin, Heidelberg",
pages="468--482",
isbn="978-3-642-35063-4",
doi="10.1007/978-3-642-35063-4_34",
url="http://dx.doi.org/10.1007/978-3-642-35063-4_34"
}



% Optional fields: volume, number, pages, month, note
@ARTICLE{Adufu2015,
	author = {Theodora Adufu and Jieun Choi and Yoonhee Kim and Sadiq, W.},
	title = {Is Container-Based Technology a Winner for High Performance Scientific Applications?},
	journal = {IEICE - Dept. of Computer Science, Sookmyung Women’s University, Seoul, Korea},
	year = {2015},
	publisher = {IEEE},
	address = {Busan, South Korea},
}

% Optional fields: type, address, month, note
@MASTERSTHESIS{Verdi2010,
	author = {Fábio Luciano Verdi and Christian Esteve Rothenberg and Rafael Pasquini amd Maurício Ferreira Magalhães},
	title = {Novas Arquiteturas de Data Center para Cloud Computing},
	school = {Universidade Federal de São Carlos - UFSCar e Faculdade de Engenharia Elétrica e Computação (FEEC) - Unicamp},
	year = {2010}
}

% Optional fields: type, address, month, note
@MASTERSTHESIS{Moreira2010,
  title={Computa{\c{c}}{\~a}o em nuvem: Conceitos, tecnologias, aplica{\c{c}}{\~o}es e desafios},
  author={Sousa, Fl{\'a}vio RC and Moreira, Leonardo O and Machado, Javam C},
  journal={II Escola Regional de Computa{\c{c}}{\~a}o Cear{\'a}, Maranh{\~a}o e Piau{\'\i} (ERCEMAPI)},
  pages={150--175},
  year={2009}
}

@INPROCEEDINGS{Xavier2013, 
author={M. G. Xavier and M. V. Neves and F. D. Rossi and T. C. Ferreto and T. Lange and C. A. F. De Rose}, 
booktitle={2013 21st Euromicro International Conference on Parallel, Distributed, and Network-Based Processing}, 
title={Performance Evaluation of Container-Based Virtualization for High Performance Computing Environments}, 
year={2013}, 
pages={233-240}, 
keywords={Linux;parallel processing;public domain software;software performance evaluation;virtualisation;HPC environments;LXC;Linux Containers;Linux VServer;OpenVZ;container-based virtualization;high-performance computing environments;hypervisor-based virtualization systems;performance evaluation;performance overhead;Benchmark testing;Containers;Kernel;Linux;Resource management;Throughput;Virtualization;Container-based virtualization;High performance computing;Linux containers}, 
doi={10.1109/PDP.2013.41}, 
ISSN={1066-6192}, 
publisher = {IEEE},
address = {Belfast, UK},
month={Feb},}

% Optional fields: volume, number, pages, month, note
@ARTICLE{Dua2014,
	author = {Rajdeep Dua and A Reddy Raja and Dharmesh Kakadia},
	title = {Virtualization vs Containerization to support PaaS},
	journal = {IEEE International Conference on Cloud Engineering},
	year = {2014},
	address = {Boston, MA, USA},
	publisher = {IEEE},
}

% Optional fields: author, title, howpublished, month, year, note
@MISC{NASA2016,
	author = {Jill Dunbar},
	title = {NAS Parallel Benchmarks},
	note = {Disponível em https://www.nas.nasa.gov/publications/npb.html. Acesso em outubro de 2016},
	year = 2016
}

@INPROCEEDINGS{7778587, 
author={T. K. Okada and A. Goldman and G. G. H. Cavalheiro}, 
booktitle={2016 IEEE 15th International Symposium on Network Computing and Applications (NCA)}, 
title={Using NAS Parallel Benchmarks to evaluate HPC performance in clouds}, 
year={2016}, 
pages={27-30}, 
keywords={cloud computing;multiprocessing systems;parallel processing;software performance evaluation;HPC applications;HPC performance evaluation;NAS parallel benchmarks;NUMA multiprocessor system;cloud computing environments;cloud infrastructures;communication characteristics;high performance computing;hyper-threading technology;private cloud;public cloud;virtual CPU count;virtual machines;Benchmark testing;Cloud computing;Engines;Google;Instruction sets;Virtual machining;NAS Parallel Benchmarks;benchmark;cloud computing}, 
doi={10.1109/NCA.2016.7778587},
address = {Cambridge, MA, USA}, 
publisher = {IEEE},
month={Oct},}


% Optional fields: author, title, howpublished, month, year, note
@MISC{SAPHCP,
	title = {SAP Hana Cloud Platform},
	author = {SAP},
	year = 2016,
	note = {Disponível em http://go.sap.com/portugal/product/technology-platform/hana-cloud-platform.html. Acesso em outubro de 2016}
}

% Optional fields: author, title, howpublished, month, year, note
@MISC{onedock2015,
	title = {OpenNebula Docker Driver and Datastore},
	author = {Carlos de Alfonso Laguna},
	year = 2015,
	note = {Disponível em https://opennebula.org/opennebula-docker-driver-and-datastore/. Acesso em dezembro de 2016}
}

@ARTICLE{6448963, 
author={J. Dongarra and J. L. Martin and J. Worlton}, 
journal={IEEE Spectrum}, 
title={Computer benchmarking: Paths and pitfalls: The most popular way of rating computer performance can confuse as well as inform; avoid misunderstanding by asking just what the benchmark is measuring}, 
year={1987}, 
volume={24}, 
number={7}, 
pages={38-43}, 
keywords={Benchmark testing;Computer architecture;Kernel;Supercomputers;Vectors}, 
doi={10.1109/MSPEC.1987.6448963}, 
ISSN={0018-9235}, 
publisher = {IEEE},
month={July},}

% Optional fields: volume/number, series, address, edition, month, note
@BOOK{Barry2004,
  title={Parallel Programming: Techniques And Applications Using Networked Workstations And Parallel Computers, 2/E},
  author={Barry, W.},
  isbn={9788131702390},
  url={https://books.google.com.br/books?id=U\_LlqRYYtl0C},
  year={2006},
  publisher={Pearson Education}
}

@INPROCEEDINGS{7185168, 
author={A. Tosatto and P. Ruiu and A. Attanasio}, 
booktitle={2015 Ninth International Conference on Complex, Intelligent, and Software Intensive Systems}, 
title={Container-Based Orchestration in Cloud: State of the Art and Challenges}, 
year={2015}, 
pages={70-75}, 
keywords={Big Data;Internet of Things;cloud computing;computer centres;resource allocation;virtual machines;virtualisation;Big Data;Internet of Things;IoT;VM;cloud computing;cloud data center;container-based orchestration;virtual machine;Cloud computing;Containers;Hardware;Kernel;Linux;Virtualization;cloud computing;containers;orchestration;system-level virtualization}, 
doi={10.1109/CISIS.2015.35}, 
publisher = {IEEE},
address = {Blumenau, Brazil},
month={July},}

@inproceedings{Wood:2008:PMR:1496950.1496973,
 author = {Wood, Timothy and Cherkasova, Ludmila and Ozonat, Kivanc and Shenoy, Prashant},
 title = {Profiling and Modeling Resource Usage of Virtualized Applications},
 booktitle = {Proceedings of the 9th ACM/IFIP/USENIX International Conference on Middleware},
 series = {Middleware '08},
 year = {2008},
 isbn = {3-540-89855-7},
 location = {Leuven, Belgium},
 pages = {366--387},
 numpages = {22},
 url = {http://dl.acm.org/citation.cfm?id=1496950.1496973},
 acmid = {1496973},
 publisher = {Springer-Verlag New York, Inc.},
 address = {New York, NY, USA},
} 

@INPROCEEDINGS{6217477, 
author={R. Han and L. Guo and M. M. Ghanem and Y. Guo}, 
booktitle={2012 12th IEEE/ACM International Symposium on Cluster, Cloud and Grid Computing (ccgrid 2012)}, 
title={Lightweight Resource Scaling for Cloud Applications}, 
year={2012}, 
pages={644-651}, 
keywords={cloud computing;resource allocation;virtual machines;VM level scaling;VM-level elasticity;cloud computing;cost effective elasticity;fine grain scaling;industry standard benchmark;lightweight resource management;lightweight resource scaling;resource allocation;resource deallocation;virtual machine;Cloud computing;Databases;Monitoring;Quality of service;Resource management;Servers;Time factors;cloud computing;lightweight scaling;resource allocation algorithms}, 
doi={10.1109/CCGrid.2012.52}, 
address = {Ottawa, Canada, Canada},
publisher = {IEEE},
month={May},}

% Optional fields: author, title, howpublished, month, year, note
@MISC{AWS,
	title = {Amazon Web Services},
	author = {Amazon},
	year = 2016,
	note = {Disponível em https://aws.amazon.com/pt/. Acesso em outubro de 2016}
}


% Optional fields: volume, number, pages, month, note
@ARTICLE{Zhang2016,
	author = {Jie Zhang and Xiaoyi Lu and Dhabaleswar K. and (DK) Panda},
	title = {Performance Characterization of Hypervisor- and Container-based Virtualization for HPC on SR-IOV Enabled InfiniBand Clusters},
	publisher = {IEEE},
	address = {Chicago, IL, USA},
	journal = {IEEE International Parallel and Distributed Processing Symposium Workshops},
	year = {2016}
}

% Optional fields: volume, number, pages, month, note
@ARTICLE{Bhardwaj2010,
	author = {Sushil Bhardwaj and Leena Jain and Sandeep Jain},
	title = {CLOUD COMPUTING: A STUDY OF INFRASTRUCTURE AS A SERVICE (IAAS)},
	journal = {International Journal of Engineering and Information Technology},
	year = {2010},
	pages = {60-63}
}
% Optional fields: volume/number, series, address, edition, month, note
@BOOK{NICKOLOFF2016,
	author = {Jeff Nickoloff},
	title = {Docker in Action},
	publisher={Manning Publications Co.},
	year = {2016}
}
@book{verascloud,
  title={Cloud Computing: nova Arquitetura da TI},
  author={Manoel Veras},
  year = 2012,
  isbn={9788574524894},
  url={https://books.google.com.br/books?id=yiggoX2aoC8C},
  publisher={BRASPORT}
}

% Optional fields: volume/number, series, address, edition, month, note
@BOOK{Wilder12,
  title={Cloud architecture patterns: using microsoft azure},
  author={Wilder, Bill},
  year={2012},
  publisher={" O'Reilly Media, Inc."}
}

% Optional fields: author, title, howpublished, month, year, note
@MISC{Lynn2005,
	author = {Scott Lynn},
	title = {Oracle Joins the Open Container Initiative},
	year = {2015},
	note = {Disponível em https://blogs.oracle.com/solaris/entry/oracle_joins_the_open_container. Acesso em setembro de 2016},
}

% Optional fields: author, title, howpublished, month, year, note
@MISC{Taurion2012,
	author = {Cezar Taurion},
	title = {O que é Elasticidade em Cloud Computing?},
	note = {Disponível em https://goo.gl/k1L4AC. Acesso em outubro de 2016},
	year = 2009
	}

@article{coutinho2013elasticidade,
  title={Elasticidade em computação na nuvem: Uma abordagem sistemática},
  author={Coutinho, E and Sousa, Flávio RC and Gomes, Danielo G and Souza, JD},
  journal={XXXI Simpósio Brasileiro de Redes de Computadores e Sistemas Distribuídos (SBRC 2013)-Minicursos},
  year=2013
}

% Optional fields: author, title, howpublished, month, year, note
@MISC{LXC2016,
	author = {Stéphane Graber},
	year = 2014,
	title = {LinuxContainers.org Infrastructure for container projects},
	note = {Disponível em https://linuxcontainers.org/. Acesso em setembro de 2016},
}


% Optional fields: type, address, month, note
@monography{Bender2014,
	author = {Bender, Paulo Igor Leopoldes},
	title = {Análise Preditiva como Base para uma Abordagem Proativa de Elasticidade em Cloud Computing},
	school = {Universidade do Vale do Rio dos Sinos - UNISINOS},
	year = {2014}
}

% Optional fields: type, number, address, month, note
@TECHREPORT{Gartner2010,
	author = {Cearley, David W.},
	title = {Cloud Computing - Key Initiative Overview},
	institution = {Gartner},
	year = {2010},
	note = {Disponível em https://www.gartner.com/it/initiatives/pdf/KeyInitiativeOverview_CloudComputing.pdf. Acesso em novembro de 2016}
}

% Optional fields: type, address, month, note
@MASTERSTHESIS{Facco2016,
	author = {Rodrigues, Vinicius Facco},
	title = {AutoElastic: Explorando a elasticidade de recursos de computação em nuvem para a execução de aplicações de alto desempenho iterativa},
	school = {Programa Interdisciplinar de Pós-Graduação em Computação Aplicada, UNISINOS},
	year = {2016}
}

% Optional fields: type, address, month, note
@MASTERSTHESIS{Stenberg2016,
	author = {Stenberg, Per-Gustaf},
	title = {Container-based Continuous Delivery for Clusters},
	school = {Department of Computer Science, Faculty of Engineering LTH},
	year = {2016}
}

@ARTICLE{7090978, 
author={R. d. R. Righi and V. F. Rodrigues and C. A. da Costa and G. Galante and L. C. E. de Bona and T. Ferreto}, 
journal={IEEE Transactions on Cloud Computing}, 
title={AutoElastic: Automatic Resource Elasticity for High Performance Applications in the Cloud}, 
year={2016}, 
volume={4}, 
number={1}, 
pages={6-19}, 
doi={10.1109/TCC.2015.2424876}, 
ISSN={2168-7161}, 
month={Jan},}


@article{Mauch20131408,
title = "High performance cloud computing ",
journal = "Future Generation Computer Systems ",
volume = "29",
number = "6",
pages = "1408 - 1416",
year = "2013",
issn = "0167-739X",
doi = "https://doi.org/10.1016/j.future.2012.03.011",
url = "http://www.sciencedirect.com/science/article/pii/S0167739X12000647",
author = "Viktor Mauch and Marcel Kunze and Marius Hillenbrand",
  publisher={Elsevier}
}



@InProceedings{Anderson95,
	author = "Thomas E. Anderson and Michael D. Dahlin and Jeanna M. Neefe and David A. Patterson and Drew S. Roselli and Randolph Y. Wang",
	title = "Serverless Network File Systems",
	booktitle = "Proc.\ of the 15th Symposium on Operating Systems Principles",
	year = "1995",
	pages = "109--126",
	address = "Copper Mountain Resort, Colorado",
}

% Optional fields: type, number, address, month, note
@TECHREPORT{whitepaperDocker2016,
	author = {Docker},
	title = {The Definitive Guide to Docker},
	institution = {www.docker.com},
	year = {2016}
}

@INPROCEEDINGS{5381983, 
author={C. Vecchiola and S. Pandey and R. Buyya}, 
booktitle={2009 10th International Symposium on Pervasive Systems, Algorithms, and Networks}, 
title={High-Performance Cloud Computing: A View of Scientific Applications}, 
year={2009}, 
pages={4-16}, 
keywords={Internet;quality of service;ubiquitous computing;QoS;high-performance cloud computing;quality of service;scientific computing;service level agreement;Application software;Availability;Cloud computing;Computer applications;Context-aware services;Finance;Gene expression;Large-scale systems;Quality of service;Scientific computing;Cloud computing;Scientific computing;computational science;high-performance computing}, 
doi={10.1109/I-SPAN.2009.150}, 
ISSN={1087-4089}, 
month={Dec},}

@INPROCEEDINGS{7562612, 
author={M. T. Chung and N. Quang-Hung and M. T. Nguyen and N. Thoai}, 
booktitle={2016 IEEE Sixth International Conference on Communications and Electronics (ICCE)}, 
title={Using Docker in high performance computing applications}, 
year={2016}, 
pages={52-57}, 
keywords={cloud computing;data handling;parallel processing;virtual machines;virtualisation;Docker;HPC;VM;cloud computing;data intensive application;high performance computing;resource management;virtual machines;virtualization technology;Cloud computing;Computer architecture;Containers;Libraries;Virtual machine monitors;Virtual machining;Virtualization;Docker;Graph500;HPC;HPL;cloud computing;performance evaluation}, 
doi={10.1109/CCE.2016.7562612}, 
address = {Ha Long, Vietnam},
publisher = {IEEE},
month={July},}


@InProceedings{Baumann09,
	author = "Baumann, Andrew and Barham, Paul and Dagand, Pierre-Evariste and Harris, Tim and Isaacs, Rebecca and Peter, Simon and Roscoe, Timothy and Sch{\"u}pbach, Adrian and Singhania, Akhilesh",
	title = "The {M}ultikernel: a New {OS} Architecture for Scalable Multicore Systems",
	booktitle = "Proc.\ of the 22nd ACM SIGOPS Symposium on Operating Systems Principles",
	address = "Big Sky, Montana, USA",
	year = 2009,
	pages = "29--44",
	isbn = "978-1-60558-752-3",
	doi = "10.1145/1629575.1629579",
}

@Manual{Biblioteca11,
	organization = "Biblioteca da UNISINOS",
	title = "Guia para Elabora{\c{c}}{\~a}o de Trabalhos Acad{\^e}micos (Artigo de Peri{\'o}dico, Disserta{\c{c}}{\~a}o, Projeto, Trabalho de Conclus{\~a}o de Curso e Tese)",
	address = "S{\~a}o Leopoldo",
	publisher = "Biblioteca da UNISINOS",
	year = 2011,
	note = "Dispon{\'\i}vel em: $<$http://www.unisinos.br/biblioteca/images/stories/downloads/guia\_biblioteca\_abnt\_2011.pdf$>$. Acesso em: 15 jun.~2011",
}

@Manual{Biblioteca12,
	organization = "Biblioteca da UNISINOS",
	title = "Guia para Elabora{\c{c}}{\~a}o de Trabalhos Acad{\^e}micos (Artigo de Peri{\'o}dico, Disserta{\c{c}}{\~a}o, Projeto, Relat{\'o}rio T{\'e}cnico e/ou Cient{\'\i}fico, Trabalho de Conclus{\~a}o de Curso e Tese)",
	address = "S{\~a}o Leopoldo",
	publisher = "Biblioteca da UNISINOS",
	year = 2012,
	note = "Dispon{\'\i}vel em: $<$http://www.unisinos.br/biblioteca/images/stories/downloads/guia-biblioteca-2012-v2.pdf$>$. Acesso em: set.~2012",
}

@Book{Buford09,
	author = "John F. Buford and Heather Yu and Eng Keong Lua",
	title = "{P2P}: Networking and Applications",
	address = "Burlington, MA",
	publisher = "Morgan Kaufmann",
	year = 2009,
}

@Misc{Cham12,
	author = "Jorge Cham",
	title = "Ph{D} Comics",
	year = 2012,
	note = "Dispon{\'\i}vel em: <http://phd.stanford.edu/comics>. Acesso em: ago.~2012",
}

@PhDThesis{Flaumann05,
	author = "Fritz Gutenberg Flaumann",
	title = "Uma Proposta de Distribui{\c{c}}{\~a}o do Servidor de {GNU}s em Clusters",
	school = "Programa de P{\'o}s-Gradua{\c{c}}{\~a}o em Computa{\c{c}}{\~a}o, UFRGS",
	address = "Porto~Alegre",
	year = 2005,
	pages = 125,
}

@Article{Hayes08,
	author = "Brian Hayes",
	title = "Cloud Computing",
	journal = "Communications of the ACM",
	volume = 51,
	number = 7,
	address = "New York",
	month = jul,
	year = 2008,
	pages = "9--11",
	doi = "10.1145/1364782.1364786",
}

@InProceedings{Hermann06b,
	author = "E. Hermann and R. B. {\'A}vila and P. Navaux and Y. Denneulin",
	title = "Metaserver Locality and Scalability in a Distributed {NFS}",
	pages = "145--157",
	doi = "10.1007/978-3-540-71351-7_12",
	series = "Lecture Notes in Computer Science",
	volume = 4395,
	year = 2007,
	booktitle = "Proc.\ of the 7th~International Meeting on High Performance Computing for Computational Science, VECPAR~2006",
	address = "Rio de Janeiro",
}

@Misc{Hexsel11,
	author = "R. Hexsel",
	title = "Pequeno Manual da Escrita T{\'e}cnica",
	year = 2011,
	note = "Dispon{\'\i}vel em: $<$http://www.inf.ufpr.br/info/techrep/RT\_DINF004\_2004.pdf$>$. Acesso em: 1 maio 2011",
}

@Book{Kurose10ptbr,
	author = "James F. Kurose and Keith W. Ross",
	title = "Redes de Computadores e a {I}nternet: uma Abordagem Top-down",
	address = "S{\~a}o~Paulo",
	publisher = "Addison Wesley",
	year = 2010,
	edition = "Fifth",
}

@InProceedings{Laadan10,
	author = "Oren Laadan and Jason Nieh",
	title = "Operating System Virtualization: Practice and Experience",
	booktitle = "Proceedings of the 3rd Annual Haifa Experimental Systems Conference",
	address = "Haifa, Israel",
	year = 2010,
	isbn = "978-1-60558-908-4",
	doi = "10.1145/1815695.1815717",
}

@Article{Lawton08,
	author = "George Lawton",
	title = "Moving the {OS} to the Web",
	journal = "IEEE Computer",
	volume = 41,
	number = 3,
	address = "Los Alamitos",
	month = mar,
	year = 2008,
	pages = "16--19",
	doi = "10.1109/MC.2008.94",
}

@Misc{Moro11,
	author = "Moro, M.",
	title = "A Arte de Escrever Artigos Cient{\'\i}ficos",
	year = 2011,
	note = "Dispon{\'\i}vel em: $<$http://homepages.dcc.ufmg.br/$\sim$mirella/doku.php?id=escrita$>$. Acesso em: 1 maio 2011",
}

@Manual{NBR6023:2002,
	organization = "Associa{\c{c}}{\~a}o Brasileira de Normas T{\'e}cnicas",
	title = "{NBR}~6023: Informa{\c{c}}{\~a}o e Documenta{\c{c}}{\~a}o -- Refer{\^e}ncias -- Elabora{\c{c}}{\~a}o",
	address = "Rio de Janeiro",
	year = 2002,
}

@Book{Tanenbaum03,
	author = "Andrew S. Tanenbaum",
	title = "Computer Networks",
	booktitle = "Computer Networks",
	publisher = "Prentice Hall PTR",
	year = 2003,
	address = "Upper Saddle River",
	edition = "Fourth",
	pages = 892,
}

@InBook{Tanenbaum03cap5,
	crossref = "Tanenbaum03",
	title = "The Network Layer",
	chapter = 5,
	pages = "343--480",
}

@MastersThesis{Teixeira09,
	author = "Marcelo Alves Teixeira",
	title = "lattes2latex: Uma Ferramenta para Conversão de Currículos {L}attes em Documentos {L}a{T}e{X}",
	year = 2009,
	type = "Trabalho de Conclus{\~a}o de Curso (Bacharelado em Ci{\^e}ncia da Computa{\c{c}}{\~a}o)",
	school = "Instituto de Inform{\'a}tica, Universidade Federal do Rio Grande do Sul",
	address = "Porto Alegre",
	pages = 82,
}
